%% This BibTeX bibliography file was created using BibDesk.
%% http://bibdesk.sourceforge.net/

%% Created for Attila Veƒçerek at 2016-12-04 22:57:51 +0100 


%% Saved with string encoding Unicode (UTF-8) 



@misc{performanceTest,
	Author = {Andreas Haufler},
	Date-Added = {2016-12-04 21:50:39 +0000},
	Date-Modified = {2016-12-04 21:51:09 +0000},
	Howpublished = {"\url{https://www.javacodegeeks.com/2014/01/how-to-write-one-of-the-fastest-expression-evaluators-in-java.html}"},
	Title = {How to write one of the fastest expression evaluators in Java?}}

@misc{parsii,
	Author = {Andreas Haufler},
	Date-Added = {2016-12-04 21:50:39 +0000},
	Date-Modified = {2016-12-04 21:51:09 +0000},
	Howpublished = {"\url{https://github.com/scireum/parsii}"},
	Title = {scireum/parsii}}

@book{fuzzy,
	Author = {Toshinori Munakata},
	Date-Added = {2016-12-04 21:42:40 +0000},
	Date-Modified = {2016-12-04 21:46:33 +0000},
	Edition = {Second Edition},
	Editor = {David Gries, Fred B.Schneider},
	Publisher = {Springer Science},
	Title = {Fundamentals of the New Artificial Intelligence},
	Year = {2008}}
